<?xml version="1.0" encoding="utf-8"?>
<record xmlns="http://www.loc.gov/MARC21/slim" xmlns:xsi="http://www.w3.org/2001/XMLSchema-instance" xsi:schemaLocation="http://www.loc.gov/MARC21/slim http://www.loc.gov/standards/marcxml/schema/MARC21slim.xsd">
	<leader>     nam a22        4500</leader>
	<controlfield tag="001">b12764371</controlfield>
	<controlfield tag="003">LeBAU</controlfield>
	<controlfield tag="006">m        d        </controlfield>
	<controlfield tag="007">cr cn |||m|||a</controlfield>
	<controlfield tag="008">171023s1910    ua acf  ob    ||0 e ara d</controlfield>
	<datafield ind1=" " ind2=" " tag="037">
		<subfield code="b">Naseeb Abu Chakra Collection</subfield>
		<subfield code="z">31684</subfield>
	</datafield>
	<datafield ind1=" " ind2=" " tag="040">
		<subfield code="a">NNU</subfield>
		<subfield code="b">ara</subfield>
		<subfield code="e">rda</subfield>
		<subfield code="c">NNU</subfield>
	</datafield>
	<datafield ind1=" " ind2="4" tag="050">
		<subfield code="a">QH366</subfield>
		<subfield code="b">.S48 1910</subfield>
	</datafield>
	<datafield ind1="0" ind2="4" tag="082">
		<subfield code="a">576.8</subfield>
		<subfield code="2">23</subfield>
	</datafield>
	<datafield ind1="1" ind2=" " tag="100">
		<subfield code="6">880-01</subfield>
		<subfield code="a">Shumayyil, Shiblī,</subfield>
		<subfield code="d">-1917,</subfield>
		<subfield code="e">author.</subfield>
	</datafield>
	<datafield ind1="1" ind2="0" tag="240">
		<subfield code="6">880-02</subfield>
		<subfield code="a">Majmūʻat al-Duktūr Shiblī Shumayyil</subfield>
	</datafield>
	<datafield ind1="1" ind2="0" tag="245">
		<subfield code="6">880-03</subfield>
		<subfield code="a">Falsafat al-nushū’ wa-al-irtiqā’ :</subfield>
		<subfield code="b">wa-huwa al-juz’ al-awwal min majmūʻat al-Duktūr Shiblī Shumayyil.</subfield>
	</datafield>
	<datafield ind1=" " ind2=" " tag="250">
		<subfield code="6">880-04</subfield>
		<subfield code="a">al-Ṭab‘ah al-thānīyah.</subfield>
	</datafield>
	<datafield ind1=" " ind2="1" tag="264">
		<subfield code="6">880-05</subfield>
		<subfield code="a">Miṣr :</subfield>
		<subfield code="b">Maṭba‘at al-Muqtaṭaf,</subfield>
		<subfield code="c">1910.</subfield>
	</datafield>
	<datafield ind1=" " ind2=" " tag="300">
		<subfield code="6">880-06</subfield>
		<subfield code="a">online resource (a-d, 367 pages, 8 unnumbered leaves of plates) :</subfield>
		<subfield code="b">illustrations, portraits</subfield>
	</datafield>
	<datafield ind1=" " ind2=" " tag="336">
		<subfield code="a">text</subfield>
		<subfield code="2">rdacontent</subfield>
	</datafield>
	<datafield ind1=" " ind2=" " tag="337">
		<subfield code="a">computer</subfield>
		<subfield code="2">rdamedia</subfield>
	</datafield>
	<datafield ind1=" " ind2=" " tag="338">
		<subfield code="a">online resource</subfield>
		<subfield code="2">rdacarrier</subfield>
	</datafield>
	<datafield ind1=" " ind2=" " tag="500">
		<subfield code="a">Non-Latin script record</subfield>
	</datafield>
	<datafield ind1=" " ind2=" " tag="500">
		<subfield code="a">Non-Latin script record</subfield>
	</datafield>
	<datafield ind1=" " ind2=" " tag="500">
		<subfield code="a">Part of the Arabic Collections Online (ACO) project, contributed by American University of Beirut's Jafet Memorial Library.</subfield>
	</datafield>
	<datafield ind1=" " ind2=" " tag="533">
		<subfield code="a">Electronic reproduction.</subfield>
		<subfield code="b">New York, N.Y. :</subfield>
		<subfield code="c">New York University,</subfield>
		<subfield code="d">2017.</subfield>
		<subfield code="5">NNU</subfield>
	</datafield>
	<datafield ind1=" " ind2="0" tag="650">
		<subfield code="6">880-07</subfield>
		<subfield code="a">Evolution (Biology)</subfield>
	</datafield>
	<datafield ind1=" " ind2="0" tag="650">
		<subfield code="6">880-08</subfield>
		<subfield code="a">Human beings</subfield>
		<subfield code="x">Origin.</subfield>
	</datafield>
	<datafield ind1=" " ind2="0" tag="655">
		<subfield code="6">880-09</subfield>
		<subfield code="a">Essays.</subfield>
	</datafield>
	<datafield ind1="1" ind2="2" tag="700">
		<subfield code="6">880-10</subfield>
		<subfield code="a">Shumayyil, Shiblī,</subfield>
		<subfield code="d">-1917.</subfield>
		<subfield code="t">Ḥaqīqah.</subfield>
	</datafield>
	<datafield ind1="2" ind2=" " tag="710">
		<subfield code="a">Jafet Memorial Library.</subfield>
	</datafield>
	<datafield ind1="0" ind2=" " tag="730">
		<subfield code="a">Arabic Collections Online.</subfield>
	</datafield>
	<datafield ind1="0" ind2="8" tag="776">
		<subfield code="i">Print version:</subfield>
		<subfield code="a">Shumayyil, Shiblī, -1917, author.</subfield>
		<subfield code="t">Falsafat al-nushū’ wa-al-irtiqā’</subfield>
		<subfield code="w">(LeBAU)b12764371</subfield>
	</datafield>
	<datafield ind1="4" ind2="0" tag="856">
		<subfield code="u">http://hdl.handle.net/2333.1/8pk0p7xt</subfield>
	</datafield>
	<datafield ind1="1" ind2=" " tag="880">
		<subfield code="6">100-01/r</subfield>
		<subfield code="a">شميل، شبلي،</subfield>
		<subfield code="d">-1917،</subfield>
		<subfield code="e">مؤلف.</subfield>
		<subfield code="4">aut.</subfield>
	</datafield>
	<datafield ind1="1" ind2="0" tag="880">
		<subfield code="6">240-02/r</subfield>
		<subfield code="a">مجموعة الدكتور شبلي شميل.</subfield>
	</datafield>
	<datafield ind1="1" ind2="0" tag="880">
		<subfield code="6">245-03/r</subfield>
		<subfield code="a">فلسفة النشوء و الإرتقاء :</subfield>
		<subfield code="b">وهو الجزء الأول من مجموعة الدكتور شبلي شميل.</subfield>
	</datafield>
	<datafield ind1=" " ind2=" " tag="880">
		<subfield code="6">250-04/r</subfield>
		<subfield code="a">الطبعة الثانية.</subfield>
	</datafield>
	<datafield ind1=" " ind2="1" tag="880">
		<subfield code="6">264-05/r</subfield>
		<subfield code="a">مصر :</subfield>
		<subfield code="b">مطبعة المقتطف،</subfield>
		<subfield code="c">1910.</subfield>
	</datafield>
	<datafield ind1=" " ind2=" " tag="880">
		<subfield code="6">300-06/r</subfield>
		<subfield code="a">ا-د، 367 صفحة، 8 ورقات لوحات غير مرقمة :</subfield>
		<subfield code="b">مصورات، صور شخصانية ؛</subfield>
		<subfield code="c">24 سم</subfield>
	</datafield>
	<datafield ind1=" " ind2=" " tag="880">
		<subfield code="6">500-00/r</subfield>
		<subfield code="a">&quot;يشتمل هذا الكتاب أولا على مقالات في مذهب دارون في أصل الأنواع وتحولها طبعت باللغة العربية اولا سنة 1884 تحت اسم &quot;شرح بخنر على مذهب دارون&quot;؛ ثانيا على كتاب الحقيقة المطبوع اولا سنة 1885 والمشتمل على مباحث لتأييد هذا المذهب ردا على الذين تعرضوا لنفيه على أثر نشر الطبعة الأولى من الشرح المذكور؛ ثالثا على مباحث ومناقشات علمية في الحياة لإثبات الرأي المادي نشرت في المقتطف قبل التاريخ المذكور وبعده؛ رابعا على مقدمتبن اضافيتين احداهما نشرت مع الطبعة الأولى من شرح بخنر في ذلك الحين والثانية وضعت حديثا للطبعة الثانية اليوم؛ خامسا على خاتمة في خلاصة ما تقدم نظرت فيها نظرا خاصا إلى علوم الإنسان وفلسفته من حيث نشوءها وتحولها وحقيقتها وتأثيرها في أخلاقه وافكاره وأمياله وافعاله وسائر أحواله الإجتماعية من عهد التمدن اليوناني القديم إلى اليوم&quot;--ديباجة الكتاب.</subfield>
	</datafield>
	<datafield ind1=" " ind2=" " tag="880">
		<subfield code="6">504-00/r</subfield>
		<subfield code="a">يتضمن مراجع ببليوغرافية.</subfield>
	</datafield>
	<datafield ind1=" " ind2="4" tag="880">
		<subfield code="6">650-07/r</subfield>
		<subfield code="a">التطور (علم الأحياء)</subfield>
	</datafield>
	<datafield ind1=" " ind2="4" tag="880">
		<subfield code="6">650-08/r</subfield>
		<subfield code="a">الإنسان</subfield>
		<subfield code="x">أصل.</subfield>
	</datafield>
	<datafield ind1=" " ind2="4" tag="880">
		<subfield code="6">655-09/r</subfield>
		<subfield code="a">مقالات.</subfield>
	</datafield>
	<datafield ind1="1" ind2="2" tag="880">
		<subfield code="6">700-10/r</subfield>
		<subfield code="a">شميل، شبلي،</subfield>
		<subfield code="d">-1917.</subfield>
		<subfield code="t">الحقيقة.</subfield>
	</datafield>
	<datafield ind1=" " ind2=" " tag="959">
		<subfield code="a">NNU</subfield>
		<subfield code="b">WEB</subfield>
		<subfield code="c">GENI</subfield>
		<subfield code="t">0</subfield>
		<subfield code="m">Electronic access</subfield>
		<subfield code="s">01</subfield>
	</datafield>
	<datafield ind1=" " ind2=" " tag="999">
		<subfield code="i">LeBAU_b12764371</subfield>
		<subfield code="s">aub_aco001236:v.1</subfield>
		<subfield code="e">(ERROR-MISC)</subfield>
		<subfield code="s">aub_aco001236:v.1</subfield>
	</datafield>
</record>
